@Article{paper:hinton2017,
  author  = 	 {Krizhevsky A. and Sutskever I. and Hinton G. E.},
  title   = 	 {ImageNet Classification with Deep Convolutional Neural Networks},
  journal = 	 {Communications of the ACM},
  year    = 	 {2017},
  url     =      {https://dl.acm.org/doi/10.1145/3065386},
  OPTkey  = 	 {},
  volume = 	 {60},
  number = 	 {6},
  pages = 	 {84-90},
  OPTmonth = 	 {},
  OPTnote = 	 {},
  OPTannote = 	 {}
}
@Article{paper:sarv1998,
  author  = 	 {Sarvazyan A. P. and Rudenko O. V. and Swanson S. D. and Fowlkes J. B. and Emelianov S. Y.},
  title   = 	 {Shear wave elasticity imaging: A new ultrasonic technology of medical diagnostics},
  journal = 	 {Ultrasound in Medicine and biology},
  year    = 	 {1998},
  url     =      {https://doi.org/10.1016/S0301-5629(98)00110-0},
  OPTkey  = 	 {},
  volume = 	 {24},
  number = 	 {9},
  pages = 	 {1419-1435},
  OPTmonth = 	 {},
  OPTnote = 	 {},
  OPTannote = 	 {}
}
@Article{paper:kulkarni2018,
  author  = 	 {Kulkarni S. R. and Rajendran B.},
  title   = 	 {Spiking neural networks for handwritten digit recognitionâ€”Supervised learning and network optimization},
  journal = 	 {Neural Networks},
  year    = 	 {2018},
  url     =      {https://doi.org/10.1016/j.neunet.2018.03.019},
  OPTkey  = 	 {},
  volume = 	 {103},
  number = 	 {},
  pages = 	 {118-127},
  OPTmonth = 	 {},
  OPTnote = 	 {},
  OPTannote = 	 {}
}
@Article{paper:pathak2018,
  author  = 	 {Pathak J. and Hunt B. and Girvan M. and Lu Z. and Ott E.},
  title   = 	 {Model-free prediction of large spatiotemporally chaotic systems from data: a
reservoir computing approach},
  journal = 	 {Physical Review Letters},
  year    = 	 {2018},
  url     =      {https://doi.org/10.1103/PhysRevLett.120.024102},
  OPTkey  = 	 {},
  volume = 	 {120},
  number = 	 {024102},
  pages = 	 {},
  OPTmonth = 	 {},
  OPTnote = 	 {},
  OPTannote = 	 {}
}
@Misc{misc:lample2019,
  author = 	 {Lample G. and Charton F.},
  note =         {Available at \url{https://arxiv.org/pdf/1912.01412.pdf}},
  title = 	 {Deep learning for symbolic mathematics},
  OPTkey = 	 {},
  opthowpublished = {},
  OPTmonth = 	 {},
  OPTyear = 	 {},
  OPTannote = 	 {}
}
@Misc{misc:anandkumar2020,
  author = 	 {Li Z. and Kovachki N. and Azizzadenesheli K. and Liu B. and Bhattacharya K. and Stuart A. and Anandkumar A.},
  note =         {Available at \url{https://arxiv.org/pdf/2010.08895.pdf}},
  title = 	 {Fourier neural operator for paramaetric partial differential equations},
  OPTkey = 	 {},
  opthowpublished = {},
  OPTmonth = 	 {},
  OPTyear = 	 {},
  OPTannote = 	 {}
}
@Misc{misc:agnihotri2019,
  author = 	 {Agnihotri A. and Saraf P. and Bapnad K. R.},
  note =         {Available at \url{https://arxiv.org/ftp/arxiv/papers/1909/1909.03854.pdf}},
  title = 	 {A convolutional neural network approach towards self-driving cars},
  OPTkey = 	 {},
  opthowpublished = {},
  OPTmonth = 	 {},
  OPTyear = 	 {},
  OPTannote = 	 {}
}
@Misc{misc:nvidiaselfdriving2016,
  author = 	 {Bojarski M. and Del Testa D. and Dworakowski D. and Firner B. and Flepp B. and Goyal P. and Jackel L. D. and Monfort M. and Muller U. and Zhang J. and Zhang X. and Zhao J.},
  note =         {Available at \url{https://arxiv.org/pdf/1604.07316.pdf}},
  title = 	 {End to end learning for self-driving cars},
  OPTkey = 	 {},
  opthowpublished = {},
  OPTmonth = 	 {},
  OPTyear = 	 {},
  OPTannote = 	 {}
}


