
@PhdThesis{diss:gokhale2007,
  author = 	 {Gokhale N. H.},
  title = 	 {Nonlinear elasticity imaging using the adjoint method},
  school = 	 {Boston University},
  year = 	 {2007},
  OPTkey = 	 {},
  OPTtype = 	 {},
  OPTaddress = 	 {},
  OPTmonth = 	 {},
  OPTnote = 	 {},
  OPTannote = 	 {}
}

@misc{misc:kingma2017adam,
      title={Adam: A Method for Stochastic Optimization}, 
      author={Kingma D. P. and Ba J.},
      year={2017},
      eprint={1412.6980},
      archivePrefix={arXiv},
      primaryClass={cs.LG},
      note={Published as a conference paper at the 3rd International Conference for Learning Representations, San Diego, 2015. Available at: \url{https://arxiv.org/abs/1412.6980}}
}
@article{paper:numpy,
 title         = {Array programming with {NumPy}},
 author        = {Harris C. R. and Jarrod Millman K. and van der Walt S. J.
                 and Gommers R. and Virtanen P. and Cournapeau D. and
		 Wieser E. and Taylor J. and Berg S. and Smith N. J.
		 and Kern R. and Picus M. and Hoyer S. and van Kerkwijk M. H. and 
                 Brett M. and Haldane A. and Fern{\'{a}}ndez del
                 R{\'{i}}o J. and Wiebe M. and Peterson P. and 
                 G{\'{e}}rard-Marchant P. and Sheppard K. and Reddy T. and
                 Weckesser W. and Abbasi H. and Gohlke C. and
                 Oliphant T. E.},
 year          = {2020},
 month         = sep,
 journal       = {Nature},
 volume        = {585},
 number        = {7825},
 pages         = {357--362},
 doi           = {10.1038/s41586-020-2649-2},
 publisher     = {Springer Science and Business Media {LLC}},
 url           = {https://doi.org/10.1038/s41586-020-2649-2},
 note          = {Available at: \url{https://doi.org/10.1038/s41586-020-2649-2}}
}
@article {paper:alphazero,
	author = {Silver D. and Hubert T. and Schrittwieser J. and Antonoglou I. and Lai M. and Guez A. and Lanctot M. and Sifre L. and Kumaran D. and Graepel T. and Lillicrap T. and Simonyan K. and Hassabis D.},
	title = {A general reinforcement learning algorithm that masters chess, shogi, and Go through self-play},
	volume = {362},
	number = {6419},
	pages = {1140--1144},
	year = {2018},
	doi = {10.1126/science.aar6404},
	note={Available at: \url{https://doi.org/10.1126/science.aar6404}},
	publisher = {American Association for the Advancement of Science},
	abstract = {Computers can beat humans at increasingly complex games, including chess and Go. However, these programs are typically constructed for a particular game, exploiting its properties, such as the symmetries of the board on which it is played. Silver et al. developed a program called AlphaZero, which taught itself to play Go, chess, and shogi (a Japanese version of chess) (see the Editorial, and the Perspective by Campbell). AlphaZero managed to beat state-of-the-art programs specializing in these three games. The ability of AlphaZero to adapt to various game rules is a notable step toward achieving a general game-playing system.Science, this issue p. 1140; see also pp. 1087 and 1118The game of chess is the longest-studied domain in the history of artificial intelligence. The strongest programs are based on a combination of sophisticated search techniques, domain-specific adaptations, and handcrafted evaluation functions that have been refined by human experts over several decades. By contrast, the AlphaGo Zero program recently achieved superhuman performance in the game of Go by reinforcement learning from self-play. In this paper, we generalize this approach into a single AlphaZero algorithm that can achieve superhuman performance in many challenging games. Starting from random play and given no domain knowledge except the game rules, AlphaZero convincingly defeated a world champion program in the games of chess and shogi (Japanese chess), as well as Go.},
	issn = {0036-8075},
	URL = {https://science.sciencemag.org/content/362/6419/1140},
	eprint = {https://science.sciencemag.org/content/362/6419/1140.full.pdf},
	journal = {Science}
}
@Article{paper:hinton2017,
  author  = 	 {Krizhevsky A. and Sutskever I. and Hinton G. E.},
  title   = 	 {ImageNet Classification with Deep Convolutional Neural Networks},
  journal = 	 {Communications of the ACM},
  year    = 	 {2017},
  url     =      {https://dl.acm.org/doi/10.1145/3065386},
  note    = {Available at: \url{https://dl.acm.org/doi/10.1145/3065386}},
  OPTkey  = 	 {},
  volume = 	 {60},
  number = 	 {6},
  pages = 	 {84-90},
  OPTmonth = 	 {},
  OPTnote = 	 {},
  OPTannote = 	 {}
}
@Article{paper:sarv1998,
  author  = 	 {Sarvazyan A. P. and Rudenko O. V. and Swanson S. D. and Fowlkes J. B. and Emelianov S. Y.},
  title   = 	 {Shear wave elasticity imaging: A new ultrasonic technology of medical diagnostics},
  journal = 	 {Ultrasound in Medicine and biology},
  year    = 	 {1998},
  url     =      {https://doi.org/10.1016/S0301-5629(98)00110-0},
  note    =      {Available at: \url{https://doi.org/10.1016/S0301-5629(98)00110-0}},
  OPTkey  = 	 {},
  volume = 	 {24},
  number = 	 {9},
  pages = 	 {1419-1435},
  OPTmonth = 	 {},
  OPTnote = 	 {},
  OPTannote = 	 {}
}
@Article{paper:raghavan1994,
  author  = 	 {Yagle A. E. and Raghavan K. R.},
  title   = 	 {Forward and inverse problems in the elasticity imaging of soft tissues},
  journal = 	 {IEEE Transactions on Nuclear Science},
  year    = 	 {1994},
  url     =      {https://doi.org/10.1109/23.322961},
  note    =      {Available at: \url{https://doi.org/10.1109/23.322961}},
  OPTkey  = 	 {},
  volume = 	 {41},
  number = 	 {4},
  pages = 	 {1639-1648},
  OPTmonth = 	 {},
  OPTnote = 	 {},
  OPTannote = 	 {}
}
@Article{paper:albocher,
  author  = 	 {Albocher U and Barbone P. E. and Oberai A. A. and Harari I.},
  title   = 	 {Adjoint-weighted equation for inverse problems of incompressible plane-stress elasticity},
  journal = 	 {Computer Methods in Applied Mechanics and Engineering},
  year    = 	 {2009},
  note = 	 {Available at: \url{https://doi.org/10.1016/j.cma.2009.02.034}},  
  url     =      {},
  OPTkey  = 	 {},
  volume = 	 {198},
  number = 	 {30-32},
  pages = 	 {2412-2420},
  OPTmonth = 	 {},
  OPTannote = 	 {}
}
@Article{paper:barboneadjwt,
  author  = 	 {Barbone P.E. and Rivas C. E. and Harari I. and Albocher U. and Oberai A. A. and Zhang Y.},
  title   = 	 {Adjoint-weighted variational formulation for the direct solution of inverse problems of general linear elasticity with full interior data},
  journal = 	 {International Journal for Numerical Methods in Engineering},
  year    = 	 {2010},
  url     =      {},
  note    =      {Available at: \url{https://doi.org/10.1002/nme.2760}},
  OPTkey  = 	 {},
  volume = 	 {81},
  number = 	 {13},
  pages = 	 {1713-1736},
  OPTmonth = 	 {},
  OPTnote = 	 {},
  OPTannote = 	 {}
}
@Article{paper:oberai2003,
  author  = 	 {Oberai A. A. and Gokhale N. H. and Feij\'{o}o G. R.},
  title   = 	 {Solution of inverse problems in elasticity imaging using the adjoint method},
  journal = 	 {Inverse Problems},
  year    = 	 {2003},
  url     =      {},
  OPTkey  = 	 {},
  volume = 	 {19},
  number = 	 {},
  pages = 	 {297-313},
  note  = {Available at: \url{https://doi.org/10.1088/0266-5611/19/2/304}},
  OPTmonth = 	 {},
  OPTnote = 	 {},
  OPTannote = 	 {}
}
@Article{paper:gokhale2008,
  author  = 	 {Gokhale N. H. and Barbone P. E. and Oberai A. A.},
  title   = 	 {Solution of the nonlinear elasticity imaging inverse problem: the compressible case},
  journal = 	 {Inverse Problems},
  year    = 	 {2008},
  url     =      {http://dx.doi.org/10.1088/0266-5611/24/4/045010},
  note    = {Available at: \url{http://dx.doi.org/10.1088/0266-5611/24/4/045010}},
  OPTkey  = 	 {},
  volume = 	 {24},
  number = 	 {},
  pages = 	 {},
  OPTmonth = 	 {},
  OPTnote = 	 {},
  OPTannote = 	 {}
}
@Article{paper:kalle1996,
  author  = 	 {Kallel F. and Bertrand M.},
  title   = 	 {Tissue elasticity reconstruction using linear perturbation method},
  journal = 	 {IEEE Transactions on Medical Imaging},
  year    = 	 {1996},
  url     =      {https://doi.org/10.1109/42.500139},
  note    =      {Available at: \url{https://doi.org/10.1109/42.500139}},
  OPTkey  = 	 {},
  volume = 	 {15},
  number = 	 {3},
  pages = 	 {},
  month = 	 {June},
  OPTnote = 	 {},
  OPTannote = 	 {}
}
@Article{paper:doyley,
  author  = 	 {Doyley M. M. and Meaney P. M. and Bamber J. C.},
  title   = 	 {Evaluation of an iterative reconstruction for quantitative elastography},
  journal = 	 {Physics in Medicine and Biology},
  year    = 	 {2000},
  url     =      {https://doi.org/10.1088/0031-9155/45/6/309},
  note    =      {Available at: \url{https://doi.org/10.1088/0031-9155/45/6/309}},
  OPTkey  = 	 {},
  volume = 	 {45},
  number = 	 {6},
  pages = 	 {},
  month = 	 {},
  OPTannote = 	 {}
}
@Article{paper:goenezen2011,
  author  = 	 {Goenezen S. and Barbone P. E. and Oberai A. A.},
  title   = 	 {Solution of the nonlinear elasticity imaging inverse problem: The incompressible case},
  journal = 	 {Computer methods in applied mechanics and engineering},
  year    = 	 {2011},
  url     =      {https://doi.org/10.1016/j.cma.2010.12.018},
  note = 	 {Available at: \url{https://doi.org/10.1016/j.cma.2010.12.018}},  
  OPTkey  = 	 {},
  volume = 	 {200},
  number = 	 {13-16},
  pages = 	 {1406-1420},
  month = 	 {},
  OPTannote = 	 {}
}
@Article{paper:konofagou2004,
  author  = 	 {Konofagou E. E.},
  title   = 	 {Quo vadis elasticity imaging?},
  journal = 	 {Ultrasonics},
  year    = 	 {2004},
  url     =      {https://doi.org/10.1016/j.ultras.2003.11.010},
  note    =      {Available at: \url{https://doi.org/10.1016/j.ultras.2003.11.010}},
  OPTkey  = 	 {},
  volume = 	 {42},
  number = 	 {},
  pages = 	 {331-336},
  month = 	 {},
  OPTnote = 	 {},
  OPTannote = 	 {}
}
@Article{paper:kulkarni2018,
  author  = 	 {Kulkarni S. R. and Rajendran B.},
  title   = 	 {Spiking neural networks for handwritten digit recognition—Supervised learning and network optimization},
  journal = 	 {Neural Networks},
  year    = 	 {2018},
  url     =      {https://doi.org/10.1016/j.neunet.2018.03.019},
  note = 	 {Available at: \url{https://doi.org/10.1016/j.neunet.2018.03.019}},
  OPTkey  = 	 {},
  volume = 	 {103},
  number = 	 {},
  pages = 	 {118-127},
  OPTmonth = 	 {},
  OPTannote = 	 {}
}
@Article{paper:pathak2018,
  author  = 	 {Pathak J. and Hunt B. and Girvan M. and Lu Z. and Ott E.},
  title   = 	 {Model-free prediction of large spatiotemporally chaotic systems from data: a
reservoir computing approach},
  journal = 	 {Physical Review Letters},
  year    = 	 {2018},
  url     =      {https://doi.org/10.1103/PhysRevLett.120.024102},
  note    =      {Available at: \url{https://doi.org/10.1103/PhysRevLett.120.024102}},
  OPTkey  = 	 {},
  volume = 	 {120},
  number = 	 {024102},
  pages = 	 {},
  OPTmonth = 	 {},
  OPTannote = 	 {}
}
@Article{paper:richards2009,
  author  = 	 {Richards M. S. and Barbone P. E. and Oberai A. A.},
  title   = 	 {Quantitative three-dimensional elasticity imaging from quasi-static deformation: a phantom study
},
  journal = 	 {Physics in Medicine and Biology},
  year    = 	 {2009},
  url     =      {https://doi.org/10.1088/0031-9155/54/3/019},
  note    = 	 {Available at: \url{https://doi.org/10.1088/0031-9155/54/3/019}},  
  OPTkey  = 	 {},
  volume = 	 {54},
  number = 	 {3},
  pages = 	 {757-779},
  OPTmonth = 	 {},
  OPTannote = 	 {}
}
@Article{paper:gokhale2004,
  author  = 	 {Gokhale N. H. and Richards M. S. and Oberai A. A. and Barbone P. E. and Doyley M. M.},
  title   = 	 {Simultaneous elastic image registration and elastic modulus reconstruction},
  journal = 	 {IEEE International Symposium on Biomedical Imaging},
  year    = 	 {2004},
  url     =      {https://doi.org/10.1109/ISBI.2004.1398595},
  note    =      {Available at: \url{https://doi.org/10.1109/ISBI.2004.1398595}},
  OPTkey  = 	 {},
  volume = 	 {},
  number = 	 {},
  pages = 	 {},
  OPTmonth = 	 {},
  OPTnote = 	 {},
  OPTannote = 	 {}
}
@Article{paper:ophir1991,
  author  = 	 {Ophir J. and C\'{e}spedes I. and Ponnekanti H. and Yazdi Y. and Li X.},
  title   = 	 {Elastography: A quantitative method for imaging the elasticity of biological tissues},
  journal = 	 {Ultrasonic Imaging},
  year    = 	 {1991},
  url     =      {https://doi.org/10.1016/0161-7346(91)90079-W},
  note    =      {Available at: \url{https://doi.org/10.1016/0161-7346(91)90079-W}},
  OPTkey  = 	 {},
  volume = 	 {13},
  number = 	 {},
  pages = 	 {111-134},
  OPTmonth = 	 {},
  OPTnote = 	 {},
  OPTannote = 	 {}
}
@Article{paper:ophir1996,
  author  = 	 {Ophir J. and C\'{e}spedes I. and Garra B. and Ponnekanti H. and Huang Y. and Maklad N.},
  title   = 	 {Elastography: ultrasonic imaging of tissue strain and elastic modulus in vivo},
  journal = 	 {European Journal of Ultrasound},
  year    = 	 {1996},
  url     =      {https://doi.org/10.1016/0929-8266(95)00134-4},
  note    = {Available at: \url{https://doi.org/10.1016/0929-8266(95)00134-4}},
  OPTkey  = 	 {},
  volume = 	 {3},
  number = 	 {},
  pages = 	 {49-70},
  OPTmonth = 	 {},
  OPTnote = 	 {},
  OPTannote = 	 {}
}
@ARTICLE{paper:alam1998,
  author={{Alam} S. K. and {Ophir} J. and {Konofagou} E. E.},
  journal={IEEE Transactions on Ultrasonics, Ferroelectrics, and Frequency Control}, 
  title={An adaptive strain estimator for elastography}, 
  year={1998},
  volume={45},
  number={2},
  pages={461-472},
  doi={10.1109/58.660156},
  note={Available at: \url{https://doi.org/10.1109/58.660156}}
}
@ARTICLE{paper:pellot-barakat2004,
  author={{Pellot-Barakat} C. and {Frouin} F. and {Insana} M. F. and {Herment} A. },
  journal={IEEE Transactions on Medical Imaging}, 
  title={Ultrasound elastography based on multiscale estimations of regularized displacement fields}, 
  year={2004},
  volume={23},
  number={2},
  pages={153-163},
  doi={10.1109/TMI.2003.822825},
  note={Available at: \url{http://doi.org/10.1109/TMI.2003.822825}}
}
@article{paper:gao1996,
title = {Imaging of the elastic properties of tissue—A review},
journal = {Ultrasound in Medicine and Biology},
volume = {22},
number = {8},
pages = {959-977},
year = {1996},
issn = {0301-5629},
doi = {https://doi.org/10.1016/S0301-5629(96)00120-2},
url = {https://www.sciencedirect.com/science/article/pii/S0301562996001202},
note = {Available at \url{https://www.sciencedirect.com/science/article/pii/S0301562996001202}},
author = {Gao L. and Parker K. J. and Lerner R. M. and Levinson S. F.},
note = {Available at: \url{https://doi.org/10.1016/S0301-5629(96)00120-2}},
keywords = {Elastography, Sonoelasticity, Shear, Vibration, Hardness, Elastic modulus, Shear modulus, Tumor detection, Tissue motion}
}
@article{paper:parker2010,
	doi = {10.1088/0031-9155/56/1/r01},
	url = {https://doi.org/10.1088/0031-9155/56/1/r01},
	year = 2010,
	month = {Nov},
	publisher = {{IOP} Publishing},
	volume = {56},
	number = {1},
	pages = {R1--R29},
	author = {Parker K. J. and Doyley M. M. and Rubens D. J.},
	title = {Imaging the elastic properties of tissue: the 20 year perspective},
	journal = {Physics in Medicine and Biology},
	note = {Available at: \url{https://doi.org/10.1088/0031-9155/56/1/r01}}
}
@article{paper:scikit-learn,
 title={Scikit-learn: Machine Learning in {P}ython},
 author={Pedregosa F. and Varoquaux G. and Gramfort A. and Michel V.
         and Thirion B. and Grisel O. and Blondel M. and Prettenhofer P.
         and Weiss R. and Dubourg V. and Vanderplas J. and Passos A. and
         Cournapeau D. and Brucher M. and Perrot M. and Duchesnay E.},
 journal={Journal of Machine Learning Research},
 volume={12},
 pages={2825--2830},
 note={Available at: \url{https://www.jmlr.org/papers/volume12/pedregosa11a/pedregosa11a.pdf}},
 year={2011}
}
@ARTICLE{paper:pateloberai2019,
  author={Patel D. and Tibrewala R. and Vega A. and Dong L. and Hugenberg N. and Oberai A. A.},
  journal={Computer Methods in Applied Mechanics and Engineering}, 
  title={Circumventing the solution of inverse problems in mechanics through deep learning: application to elasticity imaging}, 
  year={2019},
  volume={353},
  number={},
  pages={448-466},
  url={https://doi.org/10.1016/j.cma.2019.04.045},
  note={Avaiable at: \url{https://doi.org/10.1016/j.cma.2019.04.045}}
}
@ARTICLE{paper:hoeriginsana2016,
  author={Hoerig C. and Ghaboussi J. and Insana M. F.},
  journal={Biomechanics and Modeling in Mechanobiology}, 
  title={An information-based machine learning approach to elasticity imaging}, 
  year={2016},
  volume={16},
  number={},
  pages={805-822},
  note={Available at: \url{http://doi.org/10.1007/s10237-016-0854-6}},
  url={}
}
@ARTICLE{paper:fenics,
  author={Alnaes M. S. and Blechta J. and Hake J. and Johansson A. and Kehlet B. and Logg A. and Richardson C. and Ring J. and Rognes M. E. and Wells G. N.},
  journal={Archive of Numerical Software}, 
  title={The {FE}ni{CS} Project Version 1.5 \url{https://fenicsproject.org/}}, 
  year={2015},
  volume={16},
  number={},
  pages={805-822},
  url={http://dx.doi.org/10.11588/ans.2015.100.20553}
}
@ARTICLE{paper:barbonegokhale,
  author={Barbone P. E. and Gokhale N. H.},
  journal={Inverse Problems}, 
  title={On the uniqueness and nonuniqueness of the elastography inverse problem in two dimensions}, 
  year={2004},
  volume={20},
  number={},
  pages={283-296},
  doi = {10.1088/0266-5611/20/1/017},
  url = {https://doi.org/10.1088/0266-5611/20/1/017},
  note={Available a: \url{https://doi.org/10.1088/0266-5611/20/1/017}}
}
@ARTICLE{paper:barbonebamber,
  author={Barbone P. E. and Bamber J. C.},
  journal={Physics in Medicine and Biology}, 
  title={Quantitative elasticity imaging: what can and cannot be inferred from strain images}, 
  year={2002},
  volume={47},
  number={12},
  pages={2147-64},
  doi = {10.1088/0031-9155/47/12/310},
  url = {https://doi.org/10.1088/0031-9155/47/12/310},
  note = {Available at: \url{https://doi.org/10.1088/0031-9155/47/12/310}}
}
@InBook{bookchap:lecun98b,
  author  = 	 {Lecun Y. and Bottou L. and Orr G. and Muller K.},
  title   = 	 {Efficient BackProp Eds. Montavon, G. and Orr, G. and Muller K., Neural Networks: Tricks of the trade} ,
  year    = 	 {2012},
  publisher =    {Springer},
  note = 	 {{ISBN:} 978-3-642-35289-8, Available at: \url{http://yann.lecun.com/exdb/publis/pdf/lecun-98b.pdf}},  
  OPTkey  = 	 {},
  volume = 	 {},
  number = 	 {},
  pages = 	 {},
  OPTmonth = 	 {},
  OPTannote = 	 {}
}
@InBook{bookchap:oberaibarbone2019,
  author = 	 {Barbone P. E. and Oberai A. A.},
  OPTeditor = 	 {},
  title = 	 {A review of the mathematical and computational foundations of biomechanical imaging Eds. De S. and Guilak F. and Mofrad R. K. M.},
  chapter = 	 {},
  publisher = 	 {Springer, Dordrecht},
  year = 	 {2019},
  OPTkey = 	 {},
  OPTvolume = 	 {},
  OPTnumber = 	 {},
  OPTseries = 	 {},
  OPTtype = 	 {},
  OPTaddress = 	 {},
  OPTedition = 	 {},
  OPTmonth = 	 {},
  pages = 	 {375-408},
  note = 	 {\url{https://doi.org/10.1007/978-90-481-3575-2\_13}, {ISBN:} 978-90-481-3575-2}
},
  OPTannote = 	 {}
}
@Misc{misc:fypy,
  author = 	 {Gokhale N. H.},
  note =         {Available at \url{https://github.com/gokhalen/fypy}},
  title = 	 {{F}y{P}y: {F}ynite elements in {P}ython},
  OPTkey = 	 {},
  opthowpublished = {},
  OPTmonth = 	 {},
  OPTyear = 	 {},
  OPTannote = 	 {}
}
@Misc{misc:vizfilterlink,
title = {How to Visualize Filters and Feature Maps in Convolutional Neural Networks},
note = {\url{https://machinelearningmastery.com/how-to-visualize-filters-and-feature-maps-in-convolutional-neural-networks/}}
}
@article{paper:deal.ii,
  title     = {The \texttt{deal.II} Library, Version 9.3},
  author    = {Arndt D. and Bangerth W. and Blais B. and
               Fehling M. and Gassm{\"o}ller R. and Heister T.
               and Heltai L. and K{\"o}cher U. and Kronbichler M. and
	       Maier M. and Munch P. and
               Pelteret J. P. and Proell S. and Simon K. and Turcksin B.
	       and Wells D. and Zhang J.},
  journal   = {Journal of Numerical Mathematics},
  year      = {2021, accepted for publication},
  url       = {https://dealii.org/deal93-preprint.pdf}
}
@Misc{misc:deal.ii,
  author = 	 {Arndt D. and Bangerth W. and Blais B. and Clevenger T. C. and Fehling M. and Grayver A. V. and Heister T. and Heltai T. and Kronbichler M. and Maier M. and Munch P. and Pelteret J. and Rastak R. and Tomas I. and Turcksin B. and Wang Z. and Wells D.},
  note =         {Available at \url{https://www.dealii.org/}},
  title = 	 {deal.II},
  OPTkey = 	 {},
  opthowpublished = {},
  OPTmonth = 	 {},
  OPTyear = 	 {},
  OPTannote = 	 {}
}
@Misc{misc:lample2019,
  author = 	 {Lample G. and Charton F.},
  note =         {Available at \url{https://arxiv.org/abs/1912.01412}},
  title = 	 {Deep learning for symbolic mathematics},
  OPTkey = 	 {},
  opthowpublished = {},
  OPTmonth = 	 {},
  OPTyear = 	 {},
  OPTannote = 	 {}
}

@Misc{misc:anandkumar2020,
  author = 	 {Li Z. and Kovachki N. and Azizzadenesheli K. and Liu B. and Bhattacharya K. and Stuart A. and Anandkumar A.},
  note =         {Available at \url{https://arxiv.org/pdf/2010.08895.pdf}},
  title = 	 {Fourier neural operator for paramaetric partial differential equations},
  OPTkey = 	 {},
  opthowpublished = {},
  OPTmonth = 	 {},
  OPTyear = 	 {},
  OPTannote = 	 {}
}
@Misc{misc:agnihotri2019,
  author = 	 {Agnihotri A. and Saraf P. and Bapnad K. R.},
  note =         {Available at \url{https://arxiv.org/ftp/arxiv/papers/1909/1909.03854.pdf}},
  title = 	 {A convolutional neural network approach towards self-driving cars},
  OPTkey = 	 {},
  opthowpublished = {},
  OPTmonth = 	 {},
  OPTyear = 	 {},
  OPTannote = 	 {}
}
@Misc{misc:nvidiaselfdriving2016,
  author = 	 {Bojarski M. and Del Testa D. and Dworakowski D. and Firner B. and Flepp B. and Goyal P. and Jackel L. D. and Monfort M. and Muller U. and Zhang J. and Zhang X. and Zhao J.},
  note =         {Available at \url{https://arxiv.org/pdf/1604.07316.pdf}},
  title = 	 {End to end learning for self-driving cars},
  OPTkey = 	 {},
  opthowpublished = {},
  OPTmonth = 	 {},
  OPTyear = 	 {},
  OPTannote = 	 {}
}
@Misc{misc:gu2020,
  OPTkey = 	 {},
  author = 	 {Chen C.T. and Gu G. X.},
  title = 	 {Learning hidden elasticity with deep neural networks},
  OPThowpublished = {},
  OPTmonth = 	 {},
  OPTyear = 	 {},
  note = 	 {Available at \url{https://arxiv.org/abs/2010.13534}},
  OPTannote = 	 {}
}
@Misc{misc:compdeep,
  OPTkey = 	 {},
  OPTauthor = 	 {},
  title = 	 {Comparison of deep learning software},
  OPThowpublished = {},
  OPTmonth = 	 {},
  OPTyear = 	 {},
  note = 	 {\url{https://en.wikipedia.org/wiki/Comparison_of_deep-learning_software}},
  OPTannote = 	 {}
}
@Misc{misc:andrewng,
  OPTkey = 	 {},
  author = 	 {Ng A.},
  title = 	 {Machine Learning course on {C}oursera},
  OPThowpublished = {},
  OPTmonth = 	 {},
  OPTyear = 	 {},
  note = 	 {\url{https://www.coursera.org/learn/machine-learning}},
  OPTannote = 	 {}
}
@Misc{misc:cs231n,
  OPTkey = 	 {},
  OPTauthor = 	 {},
  title = 	 {Stanford course {CS}231n},
  OPThowpublished = {},
  OPTmonth = 	 {},
  OPTyear = 	 {},
  note = 	 {\url{http://cs231n.stanford.edu}},
  OPTannote = 	 {}
}
@Misc{misc:googlenlp,
  OPTkey = 	 {},
  author = 	 {Fedus W. and Zoph B. and Shazeer N.},
  title = 	 {Switch transformers: scaling to trillion parameter models with simple and efficient sparsity},
  OPThowpublished = {},
  OPTmonth = 	 {},
  OPTyear = 	 {},
  note = 	 {Available at \url{https://arxiv.org/pdf/2101.03961.pdf}},
  OPTannote = 	 {}
}
@Misc{misc:udemy,
  OPTkey = 	 {},
  author = 	 {Eremenko K.},
  title = 	 {Udemy course on Machine Learning},
  OPThowpublished = {},
  OPTmonth = 	 {},
  OPTyear = 	 {},
  note = 	 {\url{https://www.udemy.com/course/machinelearning/}},
  OPTannote = 	 {}
}
@misc{misc:tensorflow,
title={ {TensorFlow}: Large-Scale Machine Learning on Heterogeneous Systems},
url={https://www.tensorflow.org/},
note={Software available from tensorflow.org. Document available at \url{https://arxiv.org/abs/1603.04467}},
author={
    Abadi M. and
    Agarwal A. and
    Barham P. and
    Brevdo E. and
    Chen Z. and
    Citro C. and
    Corrado G. S. and
    Davis A. and
    Dean J. and
    Devin M. and
    Ghemawat S. and
    Goodfellow I. and
    Harp A. and
    Irving G. and
    Isard M. and
    Jia Y. and
    Jozefowicz R. and
    Kaiser L. and
    Kudlur M. and
    Levenberg J. and
    Man\'{e} D. and
    Monga R. and
    Moore S. and
    Murray D. and
    Olah C. and
    Schuster M. and
    Shlens J. and
    Steiner B. and
    Sutskever I. and
    Talwar K. and
    Tucker P. and
    Vanhoucke V. and
    Vasudevan V. and
    Vi\'{e}gas F. and
    Vinyals O. and
    Warden P. and
    Wattenberg M. and
    Wicke M. and
    Yu Y. and
    Zheng X.},
  year={2015},
}
@incollection{incollect:pytorch,
title = {PyTorch: An Imperative Style, High-Performance Deep Learning Library},
author = {Paszke A. and Gross S. and Massa F. and Lerer A. and Bradbury J. and Chanan G. and Killeen T. and Lin Z. and Gimelshein N. and Antiga L. and Desmaison A. and Kopf A. and Yang E. and DeVito Z. and Raison M. and Tejani A. and Chilamkurthy S. and Steiner B. and Fang L. and Bai J. and Chintala S.},
booktitle = {Advances in Neural Information Processing Systems 32},
editor = {H. Wallach and H. Larochelle and A. Beygelzimer and F. d\textquotesingle Alch\'{e}-Buc and E. Fox and R. Garnett},
pages = {8024--8035},
year = {2019},
publisher = {Curran Associates, Inc.},
url = {http://papers.neurips.cc/paper/9015-pytorch-an-imperative-style-high-performance-deep-learning-library.pdf},
note = {Available at: \url{http://papers.neurips.cc/paper/9015-pytorch-an-imperative-style-high-performance-deep-learning-library.pdf}}
}
@Book{book:alamgarra2019,
  ALTauthor = 	 {},
  editor = 	 {Kaisar Alam S. and Garra B.},
  title = 	 {Tissue Elasticity Imaging: Volume 1 Theory and Methods},
  publisher = 	 {Elsevier},
  year = 	 {2019},
  ISBN = {9780128096611},
  note = 	 {{ISBN:} 9780128096611},  
  OPTkey = 	 {},
  OPTvolume = 	 {},
  OPTnumber = 	 {},
  OPTseries = 	 {},
  OPTaddress = 	 {},
  OPTedition = 	 {},
  OPTmonth = 	 {},
  OPTannote = 	 {}
}
@Book{book:hugheslinear,
  author = 	 {Hughes T. J. R.},
  ALTeditor = 	 {},
  title = 	 {The finite element method: linear static and dynamic analysis},
  publisher = 	 {Prentice Hall Inc.},
  year = 	 {1987},
  ISBN = {0-13-317025-X},
  note = 	 {{ISBN} 0-13-317025-X},  
  OPTkey = 	 {},
  OPTvolume = 	 {},
  OPTnumber = 	 {},
  OPTseries = 	 {},
  OPTaddress = 	 {},
  OPTedition = 	 {},
  OPTmonth = 	 {},
  OPTannote = 	 {}
}
@Book{book:segelmathcont,
  author = 	 {Segal L. A.},
  ALTeditor = 	 {},
  title = 	 {Mathematics applied to continuum mechanics},
  publisher = 	 {Dover Publications Inc.},
  year = 	 {1977},
  ISBN = {0-486-65369-2},
  note = 	 {{ISBN} 0-486-65369-2},  
  OPTkey = 	 {},
  OPTvolume = 	 {},
  OPTnumber = 	 {},
  OPTseries = 	 {},
  OPTaddress = 	 {},
  OPTedition = 	 {},
  OPTmonth = 	 {},
  OPTannote = 	 {}
}

@Book{book:fishbelytschko,
  author = 	 {Fish J. and Belytschko T.},
  ALTeditor = 	 {},
  title = 	 {A first course in finite elements},
  publisher = 	 {John Wiley and Sond Ltd.},
  year = 	 {2007},
  ISBN = {978-0-470-03580-1},
  note = 	 {{ISBN:} 978-0-470-03580-1},  
  OPTkey = 	 {},
  OPTvolume = 	 {},
  OPTnumber = 	 {},
  OPTseries = 	 {},
  OPTaddress = 	 {},
  OPTedition = 	 {},
  OPTmonth = 	 {},
  OPTannote = 	 {}
}
@Book{book:aggarwal,
  author = 	 {Aggarwal C. C.},
  OPTeditor = 	 {},
  title = 	 {Neural Networks and Deep Learning},
  publisher = 	 {Springer},
  year = 	 {2018},
  ISBN = {978-3319944623},
  note = 	 {{ISBN:} 978-3319944623},
  OPTkey = 	 {},
  OPTvolume = 	 {},
  OPTnumber = 	 {},
  OPTseries = 	 {},
  OPTaddress = 	 {},
  OPTedition = 	 {},
  OPTmonth = 	 {},
  OPTannote = 	 {}
}
@Book{book:goodfellow,
  author = 	 {Goodfellow I. and Bengio Y. and Courville A.},
  OPTeditor = 	 {},
  title = 	 {Deep Learning},
  publisher = 	 {The MIT Press},
  year = 	 {2016},
  ISBN = {978-0262035613},
  note = 	 {{ISBN} 978-0262035613},  
  OPTkey = 	 {},
  OPTvolume = 	 {},
  OPTnumber = 	 {},
  OPTseries = 	 {},
  OPTaddress = 	 {},
  OPTedition = 	 {},
  OPTmonth = 	 {},
  OPTnote = 	 {},
  OPTannote = 	 {}
}
@Book{book:chollet,
  author = 	 {Chollet F.},
  OPTeditor = 	 {},
  title = 	 {Deep Learning with Python},
  publisher = 	 {Manning Shelter Island},
  year = 	 {2017},
  ISBN = {978-1617294433},
  note = 	 {{ISBN} 978-1617294433},  
  OPTkey = 	 {},
  OPTvolume = 	 {},
  OPTnumber = 	 {},
  OPTseries = 	 {},
  OPTaddress = 	 {},
  OPTedition = 	 {},
  OPTmonth = 	 {},
  OPTnote = 	 {},
  OPTannote = 	 {}
}
@InProceedings{conf:numba,
author={Lam S. K. and Pitrow A. and Seibert S.},
title={{N}umba: {A} {LLVM}-based {P}ython {JIT} compiler},
booktitle={LLVM15: Proceedings of the Second Workshopon the LLVM Compiler infrastructure in HPC},
volume={7},
pages={1-6},
month={November},
note={\url{https://doi.org/10.1145/2833157.2833162}},
year={2015}
}
@InProceedings{conf:taigman2014,
  author = 	 {Taigman Y. and Yang M. and Ranzato M. and Wolf L.},
  title = 	 {DeepFace: Closing the gap to human-level performance in face verification},
  OPTcrossref =  {},
  OPTkey = 	 {},
  booktitle = {Proc. of Computer Vision and Pattern Recognition Conference (CVPR 2014), Columbus, 2014},
  year = 	 {2014},
  note = {Available at: \url{https://doi.org/10.1109/CVPR.2014.220}},
  OPTeditor = 	 {},
  OPTvolume = 	 {},
  OPTnumber = 	 {},
  OPTseries = 	 {},
  OPTpages = 	 {},
  OPTmonth = 	 {},
  OPTaddress = 	 {},
  OPTorganization = {},
  OPTpublisher = {},
  OPTannote = 	 {}
}

